% ------------------------------------------------------------------------
% SAMPLE BIBLIOGRAPHY FILE
% ------------------------------------------------------------------------
\begin{document}
 @article{Karadimas2007OptimalAlgorithm,
    title = {{Optimal solid waste collection routes identified by the ant colony system algorithm}},
    year = {2007},
    journal = {Waste Management {\&} Research},
    author = {Karadimas, Nikolaos V. and Papatzelou, Katerina and Loumos, Vassili G.},
    number = {2},
    month = {4},
    pages = {139--147},
    volume = {25},
    doi = {10.1177/0734242X07071312},
    pmid = {17439049}
}

@article{Tavares2009OptimisationModelling,
    title = {{Optimisation of MSW collection routes for minimum fuel consumption using 3D GIS modelling}},
    year = {2009},
    journal = {Waste Management},
    author = {Tavares, G. and Zsigraiova, Z. and Semiao, V. and Carvalho, M.G.},
    number = {3},
    month = {3},
    pages = {1176--1185},
    volume = {29},
    doi = {10.1016/j.wasman.2008.07.013}
}

@article{Dogan2003Report:Istanbul,
    title = {{Report: Cost and financing of municipal solid waste collection services in Istanbul}},
    year = {2003},
    journal = {Waste Management {\&} Research},
    author = {Do{\u{g}}an, Karadağ and S{\"{u}}leyman, Sakar},
    number = {5},
    month = {10},
    pages = {480--485},
    volume = {21},
    doi = {10.1177/0734242X0302100511}
}

@article{Vu2018ParameterModel,
    title = {{Parameter interrelationships in a dual phase GIS-based municipal solid waste collection model}},
    year = {2018},
    journal = {Waste Management},
    author = {Vu, Hoang Lan and Ng, Kelvin Tsun Wai and Bolingbroke, Damien},
    month = {8},
    pages = {258--270},
    volume = {78},
    publisher = {Pergamon},
    doi = {10.1016/J.WASMAN.2018.05.050}
}

@article{Braier2017AnArgentina,
    title = {{An integer programming approach to a real-world recyclable waste collection problem in Argentina}},
    year = {2017},
    journal = {Waste Management {\&} Research},
    author = {Braier, Gustavo and Dur{\'{a}}n, Guillermo and Marenco, Javier and Wesner, Francisco},
    number = {5},
    month = {5},
    pages = {525--533},
    volume = {35},
    doi = {10.1177/0734242X16688776},
    pmid = {28462677}
}
@article{bauer,
  author={{Bauer, Fritz}},
  title={Software Engineering: A report on a Conference sponsored by the NATO Science Comittee/NATO},
  year={1985}
}
@article{sus,
    author= {{J. Brooke}},
    title= {SUS: A quick and dirty usability scale.},
    year={1996},
}
@book{sommerville,
    title={Ingeniería del Software.},
    author={Ian Sommerville},
    isbn={84-7829-074-5},
    year={2005},
    publisher={Pearson Educación S.A.},
    pages = "{492}"
}
\end{document}
